@PREAMBLE{ {\providecommand{\envname}{\textsf} \providecommand{\clsname}{\textsf} \providecommand{\cmdname}[1]{\texttt{\char`\\#1}}} }

@Article{at:2006-1-003-dominici,
  author =	 {Massimiliano Dominici},
  title =	 {Editoriale},
  journal =	 {Ars\TeX nica},
  year =	 2006,
  number =	 1,
  pages =	 {3-4},
  month =	 {Aprile},
  language =	 {italian},
  issn =	 {1828-2350},
  url =		 {http://www.guitex.org/home/numero-1}
}

@Article{at:2006-1-005-pignalbe,
  author =	 {Gianluca Pignalberi},
  title =	 {Intervista a {Donald Knuth}},
  journal =	 {Ars\TeX nica},
  year =	 2006,
  number =	 1,
  pages =	 {5-7},
  month =	 {Aprile},
  language =	 {italian},
  issn =	 {1828-2350},
  url =		 {http://www.guitex.org/home/numero-1}
}

@Article{at:2006-1-008-beccari,
  author =	 {Claudio Beccari},
  title =	 {I registri \emph{token}: questi sconosciuti},
  journal =	 {Ars\TeX nica},
  year =	 2006,
  number =	 1,
  pages =	 {8-13},
  month =	 {Aprile},
  language =	 {italian},
  issn =	 {1828-2350},
  url =		 {http://www.guitex.org/home/numero-1}
}

@Article{at:2006-1-014-gregorio,
  author =	 {Enrico Gregorio},
  title =	 {Ridefinire i comandi primitivi di {\TeX} e
                  applicazioni a {\LaTeX}},
  journal =	 {Ars\TeX nica},
  year =	 2006,
  number =	 1,
  pages =	 {14-19},
  month =	 {Aprile},
  language =	 {italian},
  issn =	 {1828-2350},
  url =		 {http://www.guitex.org/home/numero-1}
}

@Article{at:2006-1-020-caschili,
  author =	 {Massimo Caschili},
  title =	 {Semplici figure con l'ambiente \textsf{picture}},
  journal =	 {Ars\TeX nica},
  year =	 2006,
  number =	 1,
  pages =	 {20-28},
  month =	 {Aprile},
  language =	 {italian},
  issn =	 {1828-2350},
  url =		 {http://www.guitex.org/home/numero-1}
}

@Article{at:2006-1-029-cevolani,
  author =	 {Gustavo Cevolani},
  title =	 {Norme tipografiche per l'italiano in {\LaTeX}},
  journal =	 {Ars\TeX nica},
  year =	 2006,
  number =	 1,
  pages =	 {29-42},
  month =	 {Aprile},
  language =	 {italian},
  issn =	 {1828-2350},
  url =		 {http://www.guitex.org/home/numero-1}
}

@Article{at:2006-2-003-dominici,
  author =   {Massimiliano Dominici and Maurizio Himmelmann},
  title =    {Editoriale},
  journal =      {Ars\TeX nica},
  year =     2006,
  number =   2,
  pages =    {3-4},
  month =    {Ottobre},
  language=      {italian},
  issn=          {1828-2350},
  url=           {http://www.guitex.org/home/numero-2}
}

@Article{at:2006-2-005-gregorio,
  author =	 {Enrico Gregorio},
  title =	 {Codici di categoria},
  journal =	 {Ars\TeX nica},
  year =	 2006,
  number =	 2,
  pages =	 {5-14},
  month =	 {Ottobre},
  language =	 {italian},
  issn =	 {1828-2350},
  url =		 {http://www.guitex.org/home/numero-2}
}

@Article{at:2006-2-015-cevolani,
  author =   {Gustavo Cevolani},
  title =    {Libretti in {\LaTeX}},
  journal =      {Ars\TeX nica},
  year =     2006,
  number =   2,
  pages =    {15-30},
  month =    {Ottobre},
  language=      {italian},
  issn=          {1828-2350},
  url=           {http://www.guitex.org/home/numero-2}
}

@Article{at:2006-2-031-mori,
  author =	 {Lapo Filippo Mori},
  title =	 {Tabelle su {\LaTeXe}: pacchetti e metodi da
                  utilizzare},
  journal =	 {Ars\TeX nica},
  year =	 2006,
  number =	 2,
  pages =	 {31-47},
  month =	 {Ottobre},
  language =	 {italian},
  issn =	 {1828-2350},
  url =		 {http://www.guitex.org/home/numero-2}
}

@Article{at-2-2006-048-bazargan,
  author =	 {Kaveh Bazargan and CV Radhakrishnan},
  title =	 {Mimicking traditional typesetting with {\LaTeX}},
  journal =	 {Ars\TeX nica},
  year =	 2006,
  number =	 2,
  pages =	 {48-53},
  month =	 {Ottobre},
  language =	 {english},
  issn =	 {1828-2350},
  url =		 {http://www.guitex.org/home/numero-2}
}

@Article{at:2006-2-054-hufflen,
  author =	 {Jean-Michel Hufflen},
  title =	 {{Ml\textsc{Bib}\TeX}'s architecture},
  journal =	 {Ars\TeX nica},
  year =	 2006,
  number =	 2,
  pages =	 {54-59},
  month =	 {Ottobre},
  language =	 {english},
  issn =	 {1828-2350},
  url =		 {http://www.guitex.org/home/numero-2}
}

@Article{at:2006-2-060-debari,
  author =	 {Onofrio de Bari},
  title =	 {{GNU Emacs} e {AUC\TeX} per {\LaTeX}},
  journal =	 {Ars\TeX nica},
  year =	 2006,
  number =	 2,
  pages =	 {60-64},
  month =	 {Ottobre},
  language =	 {italian},
  issn =	 {1828-2350},
  url =		 {http://www.guitex.org/home/numero-2}
}

@Article{at:2006-2-065-palma,
  author =	 {Salvatore Palma},
  title =	 {Test interattivi di matematica e fisica on-line},
  journal =	 {Ars\TeX nica},
  year =	 2006,
  number =	 2,
  pages =	 {65-70},
  month =	 {Ottobre},
  language =	 {italian},
  issn =	 {1828-2350},
  url =		 {http://www.guitex.org/home/numero-2}
}

@Article{at:2006-2-071-leal,
  author =	 {Jer\'onimo Leal},
  title =	 {Esperienze didattiche con {\LaTeX}},
  journal =	 {Ars\TeX nica},
  year =	 2006,
  number =	 2,
  pages =	 {71-74},
  month =	 {Ottobre},
  language =	 {italian},
  issn =	 {1828-2350},
  url =		 {http://www.guitex.org/home/numero-2}
}

@Article{at:2006-2-075-dominici,
  author =	 {Massimiliano Dominici and Pier Daniele Napolitani},
  title =	 {Edizione con {\LaTeX} delle opere di {Francesco
                  Maurolico}},
  journal =	 {Ars\TeX nica},
  year =	 2006,
  number =	 2,
  pages =	 {75-82},
  month =	 {Ottobre},
  language =	 {italian},
  issn =	 {1828-2350},
  url =		 {http://www.guitex.org/home/numero-2}
}

@Article{at:2006-2-083-tucci,
  author =	 {Roberta Tucci},
  title =	 {L'edizione critica di un'opera matematica:
                  {$\cal{MAURO}$-\TeX} e \textsf{MetaPost}},
  journal =	 {Ars\TeX nica},
  year =	 2006,
  number =	 2,
  pages =	 {83-87},
  month =	 {Ottobre},
  language =	 {italian},
  issn =	 {1828-2350},
  url =		 {http://www.guitex.org/home/numero-2}
}

@Article{at:2007-3-003-dominici,
  author =	 {Massimiliano Dominici},
  title =	 {Editoriale},
  journal =	 {Ars\TeX nica},
  year =	 2007,
  number =	 3,
  pages =	 3,
  month =	 {Aprile},
  language =	 {italian},
  issn =	 {1828-2350},
  url =		 {http://www.guitex.org/home/numero-3-arstexnica}
}

@Article{at:2007-3-004-pignalbe,
  author =	 {Frank Mittelbach and Gianluca Pignalberi and Dave
                  Walden},
  title =	 {Intervista a {Frank Mittelbach}},
  journal =	 {Ars\TeX nica},
  year =	 2007,
  number =	 3,
  pages =	 {4-12},
  month =	 {Aprile},
  language =	 {italian},
  issn =	 {1828-2350},
  url =		 {http://www.guitex.org/home/numero-3-arstexnica}
}

@Article{at:2007-3-013-beccari,
  author =	 {Claudio Beccari},
  title =	 {{\LaTeX} e la cesura delle parole in fin di riga},
  journal =	 {Ars\TeX nica},
  year =	 2007,
  number =	 3,
  pages =	 {13-20},
  month =	 {Aprile},
  language =	 {italian},
  issn =	 {1828-2350},
  url =		 {http://www.guitex.org/home/numero-3-arstexnica}
}

@Article{at:2007-3-021-mori,
  author =	 {Lapo Filippo Mori},
  title =	 {{\LaTeX pedia}: il futuro della documentazione su
                  {\LaTeX}},
  journal =	 {Ars\TeX nica},
  year =	 2007,
  number =	 3,
  pages =	 {21-26},
  month =	 {Aprile},
  language =	 {italian},
  issn =	 {1828-2350},
  url =		 {http://www.guitex.org/home/numero-3-arstexnica}
}

@Article{at:2007-3-027-mori,
  author =	 {Lapo Filippo Mori},
  title =	 {Scrivere la tesi di laurea con {\LaTeXe}},
  journal =	 {Ars\TeX nica},
  year =	 2007,
  number =	 3,
  pages =	 {27-45},
  month =	 {Aprile},
  language =	 {italian},
  issn =	 {1828-2350},
  url =		 {http://www.guitex.org/home/numero-3-arstexnica}
}

@Article{at:2007-3-046-schirone,
  author =	 {Salvatore Schirone},
  title =	 {La tipografia nel taschino},
  journal =	 {Ars\TeX nica},
  year =	 2007,
  number =	 3,
  pages =	 {46-51},
  month =	 {Aprile},
  language =	 {italian},
  issn =	 {1828-2350},
  url =		 {http://www.guitex.org/home/numero-3-arstexnica}
}

@Article{at:2007-4-003-dominici,
  author =	 {Massimiliano Dominici},
  title =	 {Editoriale},
  journal =	 {Ars\TeX nica},
  year =	 2007,
  number =	 4,
  pages =	 3,
  month =	 {Ottobre},
  language =	 {italian},
  issn =	 {1828-2350},
  url =		 {http://www.guitex.org/home/numero-4}
}

@Article{at:2007-4-005-mori,
  author =	 {Lapo F. Mori and Maurizio W. Himmelmann},
  title =	 {Scrivere il curriculum vit{\ae} con {\LaTeX}},
  journal =	 {Ars\TeX nica},
  year =	 2007,
  number =	 4,
  pages =	 {5-15},
  month =	 {Ottobre},
  language =	 {italian},
  issn =	 {1828-2350},
  url =		 {http://www.guitex.org/home/numero-4}
}

@Article{at:2007-4-016-beccari,
  author =	 {Claudio Beccari and Andrea Guadagni},
  title =	 {La progettazione di un'opera di consultazione:
                  l'edizione del {Prontuario dell'ingegnere} con
                  {\LaTeX}},
  journal =	 {Ars\TeX nica},
  year =	 2007,
  number =	 4,
  pages =	 {16-24},
  month =	 {Ottobre},
  language =	 {italian},
  issn =	 {1828-2350},
  url =		 {http://www.guitex.org/home/numero-4}
}

@Article{at:2007-4-025-caschili,
  author =	 {Massimo Caschili},
  title =	 {Introduzione a {PSTricks}},
  journal =	 {Ars\TeX nica},
  year =	 2007,
  number =	 4,
  pages =	 {25-44},
  month =	 {Ottobre},
  language =	 {italian},
  issn =	 {1828-2350},
  url =		 {http://www.guitex.org/home/numero-4}
}

@Article{at:2007-4-045-battaia,
  author =	 {Luciano Battaia},
  title =	 {{\LaTeX} nella {Scuola Media Superiore}:
                  applicazioni didattiche con {PSTricks}},
  journal =	 {Ars\TeX nica},
  year =	 2007,
  number =	 4,
  pages =	 {45-50},
  month =	 {Ottobre},
  language =	 {italian},
  issn =	 {1828-2350},
  url =		 {http://www.guitex.org/home/numero-4}
}

@Article{at:2007-4-051-demarco,
  author =	 {De Marco, Agostino},
  title =	 {Illustrazioni tridimensionali con
                  {Sketch/\LaTeX/PSTricks/Ti\emph{k}Z} nella didattica
                  della {Dinamica del Volo}},
  journal =	 {Ars\TeX nica},
  year =	 2007,
  number =	 4,
  pages =	 {51-68},
  month =	 {Ottobre},
  language =	 {italian},
  issn =	 {1828-2350},
  url =		 {http://www.guitex.org/home/numero-4}
}

@Article{at:2007-4-069-preining,
  author =	 {Norbert Preining},
  title =	 {{\TeX\ Live's} new infrastructure},
  journal =	 {Ars\TeX nica},
  year =	 2007,
  number =	 4,
  pages =	 {69-73},
  month =	 {Ottobre},
  language =	 {italian},
  issn =	 {1828-2350},
  url =		 {http://www.guitex.org/home/numero-4}
}

@Article{at:2007-4-074-hoeppner,
  author =	 {Klaus H\"oppner},
  title =	 {Typesetting tables with {\LaTeX}},
  journal =	 {Ars\TeX nica},
  year =	 2007,
  number =	 4,
  pages =	 {74-77},
  month =	 {Ottobre},
  language =	 {italian},
  issn =	 {1828-2350},
  url =		 {http://www.guitex.org/home/numero-4}
}

@Article{at:2007-4-078-gorni,
  author =   {Gianluca Gorni and St\'ephane Matiz},
  title =    {Inserire equazioni {\LaTeX} in grafici di {Mathematica}},
  journal =      {Ars\TeX nica},
  year =     2007,
  number =   4,
  pages =    {78-81},
  month =    {Ottobre},
  language=      {italian},
  issn=          {1828-2350},
  url=           {http://www.guitex.org/home/numero-4}
}

@Article{at:2007-4-082-beccari,
  author =   {Claudio Beccari},
  title =    {I font per le slide {\LaTeX} resuscitati},
  journal =      {Ars\TeX nica},
  year =     2007,
  number =   4,
  pages =    {82-87},
  month =    {Ottobre},
  language=      {italian},
  issn=          {1828-2350},
  url=           {http://www.guitex.org/home/numero-4}
}

@Article{at:2007-4-088-dominici,
  author =	 {Massimiliano Dominici},
  title =	 {Utilizzo di caratteri {TrueType} con {\LaTeX}. {Un}
                  esempio pratico: i \emph{Fell Types}},
  journal =	 {Ars\TeX nica},
  year =	 2007,
  number =	 4,
  pages =	 {88-102},
  month =	 {Ottobre},
  language =	 {italian},
  issn =	 {1828-2350},
  url =		 {http://www.guitex.org/home/numero-4}
}

@Article{at:2007-4-104-hufflen,
  author =	 {Jean-Michel Hufflen},
  title =	 {Guidelines for Bibliographical Citations in
                  {\LaTeX}},
  journal =	 {Ars\TeX nica},
  year =	 2007,
  number =	 4,
  pages =	 {104-110},
  month =	 {Ottobre},
  language =	 {italian},
  issn =	 {1828-2350},
  url =		 {http://www.guitex.org/home/numero-4}
}

@Article{at:2008-5-003-pignalbe,
  author =	 {Gianluca Pignalberi},
  title =	 {Editoriale},
  journal =	 {Ars\TeX nica},
  year =	 2008,
  number =	 5,
  pages =	 {3-4},
  month =	 {Aprile},
  language =	 {italian},
  issn =	 {1828-2350},
  url =		 {http://www.guitex.org/home/numero-5}
}

@Article{at:2008-5-005-guiggian,
  author =	 {Massimo Guiggiani and Mori, Lapo F.},
  title =	 {Consigli su come \emph{non} maltrattare le formule
                  matematiche},
  journal =	 {Ars\TeX nica},
  year =	 2008,
  number =	 5,
  pages =	 {5-14},
  month =	 {Aprile},
  language =	 {italian},
  issn =	 {1828-2350},
  url =		 {http://www.guitex.org/home/numero-5}
}

@Article{at:2008-5-015-dominici,
  author =	 {Massimiliano Dominici},
  title =	 {Introduzione a {\XeTeX}},
  journal =	 {Ars\TeX nica},
  year =	 2008,
  number =	 5,
  pages =	 {15-26},
  month =	 {Aprile},
  language =	 {italian},
  issn =	 {1828-2350},
  url =		 {http://www.guitex.org/home/numero-5}
}

@Article{at:2008-5-027-beccari,
  author =	 {Claudio Beccari},
  title =	 {Macroistruzioni con argomenti delimitati},
  journal =	 {Ars\TeX nica},
  year =	 2008,
  number =	 5,
  pages =	 {27-34},
  month =	 {Aprile},
  language =	 {italian},
  issn =	 {1828-2350},
  url =		 {http://www.guitex.org/home/numero-5}
}

@Article{at:2008-5-035-gregorio,
  author =	 {Enrico Gregorio},
  title =	 {{HyPlain}, pi\`u lingue insieme anche in {Plain}},
  journal =	 {Ars\TeX nica},
  year =	 2008,
  number =	 5,
  pages =	 {35-42},
  month =	 {Aprile},
  language =	 {italian},
  issn =	 {1828-2350},
  url =		 {http://www.guitex.org/home/numero-5}
}

@Article{at:2008-6-003-pignalbe,
  author =	 {Gianluca Pignalberi and Massimiliano Dominici},
  title =	 {Editoriale},
  journal =	 {Ars\TeX nica},
  year =	 2008,
  number =	 6,
  pages =	 {3-4},
  language =	 {italian},
  month =	 {Ottobre},
  issn =	 {1828-2350},
  url =		 {http://www.guitex.org/home/numero-6}
}

@Article{at:2008-6-005-hoppner,
  author =	 {Klaus H\"oppner},
  title =	 {Introduction to {MetaPost}},
  journal =	 {Ars\TeX nica},
  year =	 2008,
  number =	 6,
  pages =	 {5-9},
  language =	 {english},
  month =	 {Ottobre},
  issn =	 {1828-2350},
  url =		 {http://www.guitex.org/home/numero-6}
}

@Article{at:2008-6-009-demarco,
  author =	 {De Marco, Agostino},
  title =	 {Gestione avanzata delle figure in {\LaTeX}},
  journal =	 {Ars\TeX nica},
  year =	 2008,
  number =	 6,
  pages =	 {10-27},
  language =	 {italian},
  month =	 {Ottobre},
  issn =	 {1828-2350},
  url =		 {http://www.guitex.org/home/numero-6}
}

@Article{at:2008-6-028-giacomel,
  author =	 {Roberto Giacomelli},
  title =	 {Una tabella che fa calcoli},
  journal =	 {Ars\TeX nica},
  year =	 2008,
  number =	 6,
  pages =	 {28-36},
  language =	 {italian},
  month =	 {Ottobre},
  issn =	 {1828-2350},
  url =		 {http://www.guitex.org/home/numero-6}
}

@Article{at:2008-6-037-mori,
  author =	 {Mori, Lapo F.},
  title =	 {Bibliografia e {\LaTeX}},
  journal =	 {Ars\TeX nica},
  year =	 2008,
  number =	 6,
  pages =	 {37-51},
  language =	 {italian},
  month =	 {Ottobre},
  issn =	 {1828-2350},
  url =		 {http://www.guitex.org/home/numero-6}
}

@Article{at:2008-6-052-pantieri,
  author =	 {Lorenzo Pantieri},
  title =	 {Introduzione allo stile {ClassicThesis}},
  journal =	 {Ars\TeX nica},
  year =	 2008,
  number =	 6,
  pages =	 {52-66},
  language =	 {italian},
  month =	 {Ottobre},
  issn =	 {1828-2350},
  url =		 {http://www.guitex.org/home/numero-6}
}

@Article{at:2008-6-067-preining,
  author =	 {Norbert Preining},
  title =	 {{\TeX} {Live} 2008 and the {\TeX} {Live} manager},
  journal =	 {Ars\TeX nica},
  year =	 2008,
  number =	 6,
  pages =	 {67-75},
  language =	 {english},
  month =	 {Ottobre},
  issn =	 {1828-2350},
  url =		 {http://www.guitex.org/home/numero-6}
}

@Article{at:2008-6-076-pignalbe,
  author =	 {Gianluca Pignalberi and Enrico Bini},
  title =	 {{LaTeX} e grammatiche},
  journal =	 {Ars\TeX nica},
  year =	 2008,
  number =	 6,
  pages =	 {76-85},
  language =	 {italian},
  month =	 {Ottobre},
  issn =	 {1828-2350},
  url =		 {http://www.guitex.org/home/numero-6}
}

@Article{at:2008-6-086-demarco,
  author =	 {De Marco, Agostino and Massimiliano Dominici},
  title =	 {\textsf{longmedal}: un pacchetto per medaglioni
                  divisi su pi\`u pagine},
  journal =	 {Ars\TeX nica},
  year =	 2008,
  number =	 6,
  pages =	 {86-92},
  language =	 {italian},
  month =	 {Ottobre},
  issn =	 {1828-2350},
  url =		 {http://www.guitex.org/home/numero-6}
}

@Article{at:2008-6-093-hufflen,
  author =	 {Jean-Michel Hufflen},
  title =	 {Specifying translated works in bibliographies},
  journal =	 {Ars\TeX nica},
  year =	 2008,
  number =	 6,
  pages =	 {93-97},
  language =	 {english},
  month =	 {Ottobre},
  issn =	 {1828-2350},
  url =		 {http://www.guitex.org/home/numero-6}
}

@Article{at:2009-7-003-pignalbe,
  author =	 {Gianluca Pignalberi},
  title =	 {Editoriale},
  journal =	 {Ars\TeX nica},
  year =	 2009,
  number =	 7,
  pages =	 {3},
  month =	 {Aprile},
  language =	 {italian},
  issn =	 {1828-2350},
  url =		 {http://www.guitex.org/home/numero-7}
}

@Article{at:2009-7-004-guagnell,
  author =	 {Simone Guagnelli and Gianluca Pignalberi and
                  Massimiliano Dominici},
  title =	 {Intervista a {Simone Guagnelli}, curatore di
                  \emph{eSamizdat}},
  journal =	 {Ars\TeX nica},
  year =	 2009,
  number =	 7,
  pages =	 {4-7},
  month =	 {Aprile},
  language =	 {italian},
  issn =	 {1828-2350},
  url =		 {http://www.guitex.org/home/numero-7}
}

@Article{at:2009-7-008-maschio,
  author =	 {Giovanni Maschio},
  title =	 {{\TeX} per i ciechi e per gli ipovedenti: {Inglese,
                  Esperanto o Romanesco}?},
  journal =	 {Ars\TeX nica},
  year =	 2009,
  number =	 7,
  pages =	 {8-12},
  month =	 {Aprile},
  language =	 {italian},
  issn =	 {1828-2350},
  url =		 {http://www.guitex.org/home/numero-7}
}

@Article{at:2009-7-013-beccari,
  author =	 {Claudio Beccari},
  title =	 {Il formato archiviabile dei file {PDF}},
  journal =	 {Ars\TeX nica},
  year =	 2009,
  number =	 7,
  pages =	 {13-24},
  month =	 {Aprile},
  language =	 {italian},
  issn =	 {1828-2350},
  url =		 {http://www.guitex.org/home/numero-7}
}

@Article{at:2009-7-025-beccari,
  author =	 {Claudio Beccari and George Kamel},
  title =	 {Typesetting Coptic Liturgy in Bohairic},
  journal =	 {Ars\TeX nica},
  year =	 2009,
  number =	 7,
  pages =	 {25-31},
  month =	 {Aprile},
  language =	 {english},
  issn =	 {1828-2350},
  url =		 {http://www.guitex.org/home/numero-7}
}

@Article{at:2009-7-032-nisi,
  author =	 {Riccardo Nisi},
  title =	 {Il {PostScript} in {\LaTeX}},
  journal =	 {Ars\TeX nica},
  year =	 2009,
  number =	 7,
  pages =	 {32-46},
  month =	 {Aprile},
  language =	 {italian},
  issn =	 {1828-2350},
  url =		 {http://www.guitex.org/home/numero-7}
}

@Article{at:2009-8-005-pignalbe,
  author =	 {Gianluca Pignalberi and Massimiliano Dominici},
  title =	 {Editoriale},
  journal =	 {Ars\TeX nica},
  year =	 2009,
  number =	 8,
  pages =	 {5-6},
  month =	 {Ottobre},
  language =	 {italian},
  issn =	 {1828-2350},
  url =		 {http://www.guitex.org/home/numero-8}
}

@Article{at:2009-8-007-gregorio,
  author =	 {Enrico Gregorio},
  title =	 {Simboli matematici in {\TeX\ e \LaTeX}},
  journal =	 {Ars\TeX nica},
  year =	 2009,
  number =	 8,
  pages =	 {7-24},
  month =	 {Ottobre},
  language =	 {italian},
  issn =	 {1828-2350},
  url =		 {http://www.guitex.org/home/numero-8}
}

@Article{at:2009-8-025-demarco,
  author =	 {De Marco, Agostino},
  title =	 {Produrre grafica vettoriale di alta qualit\`a
                  programmando Asymptote},
  journal =	 {Ars\TeX nica},
  year =	 2009,
  number =	 8,
  pages =	 {25-39},
  month =	 {Ottobre},
  language =	 {italian},
  issn =	 {1828-2350},
  url =		 {http://www.guitex.org/home/numero-8}
}

@Article{at:2009-8-040-bazargan,
  author =	 {Kaveh Bazargan},
  title =	 {{\TeX\ as an ebook reader}},
  journal =	 {Ars\TeX nica},
  year =	 2009,
  number =	 8,
  pages =	 {40-41},
  month =	 {Ottobre},
  language =	 {english},
  issn =	 {1828-2350},
  url =		 {http://www.guitex.org/home/numero-8}
}

@Article{at:2009-8-042-beccari,
  author =	 {Claudio Beccari},
  title =	 {La composizione di tabelle con larghezza
                  specificata},
  journal =	 {Ars\TeX nica},
  year =	 2009,
  number =	 8,
  pages =	 {42-47},
  month =	 {Ottobre},
  language =	 {italian},
  issn =	 {1828-2350},
  url =		 {http://www.guitex.org/home/numero-8}
}

@Article{at:2009-8-048-pantieri,
  author =	 {Lorenzo Pantieri},
  title =	 {L'arte di gestire la bibliografia con biblatex},
  journal =	 {Ars\TeX nica},
  year =	 2009,
  number =	 8,
  pages =	 {48-60},
  month =	 {Ottobre},
  language =	 {italian},
  issn =	 {1828-2350},
  url =		 {http://www.guitex.org/home/numero-8}
}

@Article{at:2009-8-061-dominici,
  author =	 {Massimiliano Dominici},
  title =	 {{\LaTeX{} e CSV}},
  journal =	 {Ars\TeX nica},
  year =	 2009,
  number =	 8,
  pages =	 {61-69},
  month =	 {Ottobre},
  language =	 {italian},
  issn =	 {1828-2350},
  url =		 {http://www.guitex.org/home/numero-8}
}

@Article{at:2009-8-070-pignalbe,
  author =	 {Gianluca Pignalberi},
  title =	 {\textsf{combelow}: abbasso i segni diacritici di
                  serie B},
  journal =	 {Ars\TeX nica},
  year =	 2009,
  number =	 8,
  pages =	 {70-75},
  month =	 {Ottobre},
  language =	 {italian},
  issn =	 {1828-2350},
  url =		 {http://www.guitex.org/home/numero-8}
}

@Article{at:2009-8-076-beccari,
  author =	 {Claudio Beccari},
  title =	 {Uso del comando \texttt{\char`\\write18} per
                  comporre l'indice analitico in modo sincrono},
  journal =	 {Ars\TeX nica},
  year =	 2009,
  number =	 8,
  pages =	 {76-78},
  month =	 {Ottobre},
  language =	 {italian},
  issn =	 {1828-2350},
  url =		 {http://www.guitex.org/home/numero-8}
}

@Article{at:2009-8-079-scarso,
  author =	 {Luigi Scarso},
  title =	 {Una estensione di luatex: luatex lunatic},
  journal =	 {Ars\TeX nica},
  year =	 2009,
  number =	 8,
  pages =	 {79-91},
  month =	 {Ottobre},
  language =	 {italian},
  issn =	 {1828-2350},
  url =		 {http://www.guitex.org/home/numero-8}
}

@Article{at:2009-8-092-somma,
  author =	 {Emmanuele Somma},
  title =	 {Il respawn di {Infomedia} ({\LaTeX}-based)},
  journal =	 {Ars\TeX nica},
  year =	 2009,
  number =	 8,
  pages =	 {92-101},
  month =	 {Ottobre},
  language =	 {italian},
  issn =	 {1828-2350},
  url =		 {http://www.guitex.org/home/numero-8}
}

@Article{at:2009-8-102-hufflen,
  author =	 {Jean-Michel Hufflen},
  title =	 {{Processing ``Computed'' Texts}},
  journal =	 {Ars\TeX nica},
  year =	 2009,
  number =	 8,
  pages =	 {102-109},
  month =	 {Ottobre},
  language =	 {english},
  issn =	 {1828-2350},
  url =		 {http://www.guitex.org/home/numero-8}
}

@Article{at:2009-8-110-beccari,
  author =	 {Claudio Beccari},
  title =	 {Use of the \texttt{\char`\\write18} feature for
                  composing indexes},
  journal =	 {Ars\TeX nica},
  year =	 2009,
  number =	 8,
  pages =	 {110-111},
  month =	 {Ottobre},
  language =	 {english},
  issn =	 {1828-2350},
  url =		 {http://www.guitex.org/home/numero-8}
}

@Article{at:2010-9-003-pignalbe,
  author =	 {Gianluca Pignalberi},
  title =	 {Editoriale},
  journal =	 {Ars\TeX nica},
  year =	 2010,
  number =	 9,
  pages =	 {3-4},
  month =	 {Aprile},
  language =	 {italian},
  issn =	 {1828-2350},
  url =		 {http://www.guitex.org/home/numero-9}
}

@Article{at:2010-9-005-bravo,
  author =	 {Giangiacomo Bravo},
  title =	 {Reciprocit\`a e attaccamento al gruppo nel forum
                  {\GuIT}},
  journal =	 {Ars\TeX nica},
  year =	 2010,
  number =	 9,
  pages =	 {5-14},
  month =	 {Aprile},
  language =	 {italian},
  issn =	 {1828-2350},
  url =		 {http://www.guitex.org/home/numero-9}
}

@Article{at:2010-9-015-gordini,
  author =	 {Tommaso Gordini},
  title =	 {Scrivere un indirizzo postale},
  journal =	 {Ars\TeX nica},
  year =	 2010,
  number =	 9,
  pages =	 {15-23},
  month =	 {Aprile},
  language =	 {italian},
  issn =	 {1828-2350},
  url =		 {http://www.guitex.org/home/numero-9}
}

@Article{at:2010-9-024-pignalbe,
  author =	 {Gianluca Pignalberi},
  title =	 {Cicli, test e calcoli angolari per disegni non
                  banali con {\MP}},
  journal =	 {Ars\TeX nica},
  year =	 2010,
  number =	 9,
  pages =	 {24-30},
  month =	 {Aprile},
  language =	 {italian},
  issn =	 {1828-2350},
  url =		 {http://www.guitex.org/home/numero-9}
}

@Article{at:2010-9-031-cevolani,
  author =	 {Gustavo Cevolani},
  title =	 {Indice dei nomi automatico con \textsf{biblatex}},
  journal =	 {Ars\TeX nica},
  year =	 2010,
  number =	 9,
  pages =	 {31-38},
  month =	 {Aprile},
  language =	 {italian},
  issn =	 {1828-2350},
  url =		 {http://www.guitex.org/home/numero-9}
}
@Article{at:2010-9-039-valbusa,
  author =	 {Ivan Valbusa},
  title =	 {Creare stili bibliografici con \textsf{biblatex}:
                  l'esperienza del pacchetto
                  \textsf{biblatex-philosophy}},
  journal =	 {Ars\TeX nica},
  year =	 2010,
  number =	 9,
  pages =	 {39-50},
  month =	 {Aprile},
  language =	 {italian},
  issn =	 {1828-2350},
  url =		 {http://www.guitex.org/home/numero-9}
}

@Article{at:2010-9-051-scarso,
  author =	 {Luigi Scarso},
  title =	 {Fell Types in {\ConTeXt}},
  journal =	 {Ars\TeX nica},
  year =	 2010,
  number =	 9,
  pages =	 {51-56},
  month =	 {Aprile},
  language =	 {italian},
  issn =	 {1828-2350},
  url =		 {http://www.guitex.org/home/numero-9}
}

@Article{at:2010-9-057-gregorio,
  author =	 {Enrico Gregorio},
  title =	 {L'arte esoterica di scrivere in cirillico con
                  {\LaTeX}},
  journal =	 {Ars\TeX nica},
  year =	 2010,
  number =	 9,
  pages =	 {57-73},
  month =	 {Aprile},
  language =	 {italian},
  issn =	 {1828-2350},
  url =		 {http://www.guitex.org/home/numero-9}
}

@Article{at:2010-9-074-beccari,
  author =	 {Claudio Beccari and Heinrich Fleck},
  title =	 {I \emph{mark}, questi sconosciuti},
  journal =	 {Ars\TeX nica},
  year =	 2010,
  number =	 9,
  pages =	 {74-78},
  month =	 {Aprile},
  language =	 {italian},
  issn =	 {1828-2350},
  url =		 {http://www.guitex.org/home/numero-9}
}

@Article{at:2010-10-005-pignalbe,
  author =	 {Gianluca Pignalberi and Massimiliano Dominici},
  title =	 {Editoriale},
  journal =	 {Ars\TeX nica},
  year =	 2010,
  number =	 10,
  pages =	 {5-6},
  month =	 {Ottobre},
  language =	 {italian},
  issn =	 {1828-2350},
  url =		 {http://www.guitex.org/home/numero-10}
}

@Article{at:2010-10-007-gregorio,
  author =	 {Enrico Gregorio},
  title =	 {Installare {\TeX{} Live} 2010 su Ubuntu},
  journal =	 {Ars\TeX nica},
  year =	 2010,
  number =	 10,
  pages =	 {7-13},
  month =	 {Ottobre},
  language =	 {italian},
  issn =	 {1828-2350},
  url =		 {http://www.guitex.org/home/numero-10}
}

@Article{at:2010-10-014-beccari,
  author =	 {Claudio Beccari},
  title =	 {Le graffe: queste sconosciute},
  journal =	 {Ars\TeX nica},
  year =	 2010,
  number =	 10,
  pages =	 {14-18},
  month =	 {Ottobre},
  language =	 {italian},
  issn =	 {1828-2350},
  url =		 {http://www.guitex.org/home/numero-10}
}

@Article{at:2010-10-019-centonza,
  author =	 {Matteo Centonza and Vito Piserchia},
  title =	 {\texttt{illumino}: An {XML} document production
                  system with a {\TeX} core},
  journal =	 {Ars\TeX nica},
  year =	 2010,
  number =	 10,
  pages =	 {19-24},
  month =	 {Ottobre},
  language =	 {italian},
  issn =	 {1828-2350},
  url =		 {http://www.guitex.org/home/numero-10}
}

@Article{at:2010-10-025-scarso,
  author =	 {Luigi Scarso},
  title =	 {{PDF/A-1a} in {Con\TeX t}-\texttt{mkiv}},
  journal =	 {Ars\TeX nica},
  year =	 2010,
  number =	 10,
  pages =	 {25-32},
  month =	 {Ottobre},
  language =	 {italian},
  issn =	 {1828-2350},
  url =		 {http://www.guitex.org/home/numero-10}
}

@Article{at:2010-10-033-pignalbe,
  author =	 {Gianluca Pignalberi},
  title =	 {Presentazioni animate in {\LaTeX}},
  journal =	 {Ars\TeX nica},
  year =	 2010,
  number =	 10,
  pages =	 {33-40},
  month =	 {Ottobre},
  language =	 {italian},
  issn =	 {1828-2350},
  url =		 {http://www.guitex.org/home/numero-10}
}

@Article{at:2010-10-041-hufflen,
  author =	 {Jean-Michel Hufflen},
  title =	 {{Managing Printed and Online Versions of Large
                  Educational Documents}},
  journal =	 {Ars\TeX nica},
  year =	 2010,
  number =	 10,
  pages =	 {41-46},
  month =	 {Ottobre},
  language =	 {italian},
  issn =	 {1828-2350},
  url =		 {http://www.guitex.org/home/numero-10}
}
@Article{at:2011-11-003-pignalbe,
  author =	 {Gianluca Pignalberi},
  title =	 {Editoriale},
  journal =	 {Ars\TeX nica},
  year =	 {2011},
  language =	 {italian},
  number =	 {11},
  month =	 {Aprile},
  pages =	 {3-4},
  issn =	 {1828-2369},
  url =		 {http://www.guitex.org/home/it/numero-11}
}

@Article{at:2011-11-005-pilu,
  author =	 {Antonello Pilu},
  title =	 {La creazione di una prova d'esame},
  journal =	 {Ars\TeX nica},
  year =	 {2011},
  language =	 {italian},
  number =	 {11},
  month =	 {Aprile},
  pages =	 {5-14},
  issn =	 {1828-2369},
  url =		 {http://www.guitex.org/home/it/numero-11}
}

@Article{at:2011-11-015-pignalbe,
  author =	 {Gianluca Pignalberi and Salvatore Schirone and
                  Jer\'{o}nimo Leal},
  title =	 {Introduzione agli strumenti per grecisti classici},
  journal =	 {Ars\TeX nica},
  year =	 {2011},
  language =	 {italian},
  number =	 {11},
  month =	 {Aprile},
  pages =	 {15-30},
  issn =	 {1828-2369},
  url =		 {http://www.guitex.org/home/it/numero-11}
}

@Article{at:2011-11-031-crivella,
  author =	 {Marco Crivellaro},
  title =	 {Un dialogo tra GNU-R e {\LaTeX}: xtable e Sweave},
  journal =	 {Ars\TeX nica},
  year =	 {2011},
  language =	 {italian},
  number =	 {11},
  month =	 {Aprile},
  pages =	 {31-36},
  issn =	 {1828-2369},
  url =		 {http://www.guitex.org/home/it/numero-11}
}

@Article{at:2011-11-037-mascella,
  author =	 {Giovanni Mascellani},
  title =	 {Uno strumento per gestire progetti {\LaTeX}
                  cooperativi},
  journal =	 {Ars\TeX nica},
  year =	 {2011},
  language =	 {italian},
  number =	 {11},
  month =	 {Aprile},
  pages =	 {37-40},
  issn =	 {1828-2369},
  url =		 {http://www.guitex.org/home/it/numero-11}
}

@Article{at:2011-11-041-hufflen,
  author =	 {Jean-Michel Hufflen},
  title =	 {Passare da {\LaTeX} a \textsc{XSL-FO}},
  journal =	 {Ars\TeX nica},
  year =	 {2011},
  language =	 {italian},
  number =	 {11},
  month =	 {Aprile},
  pages =	 {41-53},
  issn =	 {1828-2369},
  url =		 {http://www.guitex.org/home/it/numero-11}
}

@Article{at:2011-11-054-beccari,
  author =	 {Claudio Beccari},
  title =	 {La virgola intelligente},
  journal =	 {Ars\TeX nica},
  year =	 {2011},
  language =	 {italian},
  number =	 {11},
  month =	 {Aprile},
  pages =	 {54-56},
  issn =	 {1828-2369},
  url =		 {http://www.guitex.org/home/it/numero-11}
}


@Article{at:2011-11-057-beccari,
  author =	 {Claudio Beccari},
  title =	 {The unknown picture environment},
  journal =	 {Ars\TeX nica},
  year =	 {2011},
  language =	 {italian},
  number =	 {11},
  month =	 {Aprile},
  pages =	 {57-64},
  issn =	 {1828-2369},
  url =		 {http://www.guitex.org/home/it/numero-11}
}

@Article{at:2011-11-065-scarso,
  author =	 {Luigi Scarso},
  title =	 {Extending {\ConTeXt}-\texttt{mkiv} with PARI/GP},
  journal =	 {Ars\TeX nica},
  year =	 {2011},
  language =	 {italian},
  number =	 {11},
  month =	 {Aprile},
  pages =	 {65-74},
  issn =	 {1828-2369},
  url =		 {http://www.guitex.org/home/it/numero-11}
}

@Article{at:2011-12-005-pignalbe,
  author =	 {Gianluca Pignalberi},
  title =	 {Editoriale},
  journal =	 {Ars\TeX nica},
  year =	 {2011},
  language =	 {italian},
  number =	 12,
  month =	 {Ottobre},
  pages =	 {5},
  issn =	 {1828-2350},
  url =		 {http://www.guitex.org/home/it/numero-12}
}

@Article{at:2011-12-006-beccari,
  author =	 {Claudio Beccari},
  title =	 {{\XeLaTeX} and the \textsc{PDF} archivable format},
  journal =	 {Ars\TeX nica},
  year =	 {2011},
  language =	 {italian},
  number =	 {12},
  month =	 {Ottobre},
  pages =	 {6-11},
  issn =	 {1828-2350},
  url =		 {http://www.guitex.org/home/it/numero-12}
}

@Article{at:2011-12-012-demarco,
  author =	 {De Marco, Agostino and Giacomelli, Roberto},
  title =	 {Creare grafici con \textsf{pgfplots}},
  journal =	 {Ars\TeX nica},
  year =	 {2011},
  language =	 {italian},
  number =	 {12},
  month =	 {Ottobre},
  pages =	 {12-38},
  issn =	 {1828-2350},
  url =		 {http://www.guitex.org/home/it/numero-12}
}

@Article{at:2011-12-039-demarco,
  author =	 {De Marco, Agostino and Cresci, Paolo Eugenio},
  title =	 {{\LaTeX} nella pubblica amministrazione. {La} web
                  application {FACILE per la produzione automatica di
                  comunicazioni interne del Comune di Napoli}},
  journal =	 {Ars\TeX nica},
  year =	 {2011},
  language =	 {italian},
  number =	 {12},
  month =	 {Ottobre},
  pages =	 {39-56},
  issn =	 {1828-2350},
  url =		 {http://www.guitex.org/home/it/numero-12}
}
@Article{at:2012-13-003-pignalbe,
  author =	 {Gianluca Pignalberi},
  title =	 {Editoriale},
  journal =	 {Ars\TeX nica},
  year =	 2012,
  number =	 13,
  pages =	 {3-3},
  month =	 {Aprile},
  language =	 {italian},
  issn =	 {1828-2350},
  url =		 {http://www.guitex.org/home/numero-13}
}
@Article{at:2012-13-030-tug,
  author =	 {{TUG}},
  title =	 {Font e {\TeX}},
  journal =	 {Ars\TeX nica},
  year =	 2012,
  number =	 13,
  pages =	 {30-31},
  month =	 {Aprile},
  language =	 {italian},
  issn =	 {1828-2350},
  url =		 {http://www.guitex.org/home/numero-13}
}
@Article{at:2012-13-004-fiandrin,
  author =	 {Claudio Fiandrino},
  title =	 {Graphviz e Ti\emph{k}Z},
  journal =	 {Ars\TeX nica},
  year =	 2012,
  number =	 13,
  pages =	 {4-10},
  month =	 {Aprile},
  language =	 {italian},
  issn =	 {1828-2350},
  url =		 {http://www.guitex.org/home/numero-13}
}
@Article{at:2012-13-017-beccari,
  author =	 {Claudio Beccari},
  title =	 {{\LaTeX} e le lingue romanze alpine},
  journal =	 {Ars\TeX nica},
  year =	 2012,
  number =	 13,
  pages =	 {17-23},
  month =	 {Aprile},
  language =	 {italian},
  issn =	 {1828-2350},
  url =		 {http://www.guitex.org/home/numero-13}
}
@Article{at:2012-13-011-pignalbe,
  author =	 {Gianluca Pignalberi and Salvatore Schirone and
                  Jer\'onimo Leal},
  title =	 {Ancora sugli strumenti per grecisti classici},
  journal =	 {Ars\TeX nica},
  year =	 2012,
  number =	 13,
  pages =	 {11-14},
  month =	 {Aprile},
  language =	 {italian},
  issn =	 {1828-2350},
  url =		 {http://www.guitex.org/home/numero-13}
}
@Article{at:2012-13-024-gregorio,
  author =	 {Enrico Gregorio},
  title =	 {Scrivere un pacchetto per {\LaTeX3}. Il pacchetto
                  \textsf{kantlipsum}},
  journal =	 {Ars\TeX nica},
  year =	 2012,
  number =	 13,
  pages =	 {24-29},
  month =	 {Aprile},
  language =	 {italian},
  issn =	 {1828-2350},
  url =		 {http://www.guitex.org/home/numero-13}
}
@Article{at:2012-14-007-hufflen,
  author =	 {Jean-Michel Hufflen},
  title =	 {Beyond {Bib\TeX}},
  journal =	 {Ars\TeX nica},
  year =	 2012,
  number =	 14,
  pages =	 {7-14},
  month =	 {Ottobre},
  language =	 {english},
  issn =	 {1828-2350},
  url =		 {http://www.guitex.org/home/numero-14}
}
@Article{at:2012-14-131-vincolet,
  author =	 {Claudio Vincoletto},
  title =	 {Alcuni stralci sul Computer Bodoni},
  journal =	 {Ars\TeX nica},
  year =	 2012,
  number =	 14,
  pages =	 {131-137},
  month =	 {Ottobre},
  language =	 {italian},
  issn =	 {1828-2350},
  url =		 {http://www.guitex.org/home/numero-14}
}
@Article{at:2012-14-048-beccari,
  author =	 {Claudio Beccari},
  title =	 {Un pacchetto per il controllo del codice fiscale
                  italiano},
  journal =	 {Ars\TeX nica},
  year =	 2012,
  number =	 14,
  pages =	 {48-52},
  month =	 {Ottobre},
  language =	 {italian},
  issn =	 {1828-2350},
  url =		 {http://www.guitex.org/home/numero-14}
}
@Article{at:2012-14-031-beccari,
  author =	 {Claudio Beccari and Heinrich Fleck},
  title =	 {Una classe per comporre un dizionario},
  journal =	 {Ars\TeX nica},
  year =	 2012,
  number =	 14,
  pages =	 {31-40},
  month =	 {Ottobre},
  language =	 {italian},
  issn =	 {1828-2350},
  url =		 {http://www.guitex.org/home/numero-1}
}
@Article{at:2012-14-005-pignalbe,
  author =	 {Gianluca Pignalberi},
  title =	 {Editoriale},
  journal =	 {Ars\TeX nica},
  year =	 2012,
  number =	 14,
  pages =	 {5-6},
  month =	 {Ottobre},
  language =	 {italian},
  issn =	 {1828-2350},
  url =		 {http://www.guitex.org/home/numero-14}
}
@Article{at:2012-14-095-messineo,
  author =	 {Grazia Messineo and Salvatore Vassallo},
  title =	 {Il pacchetto \textsf{esami} per la creazione di
                  prove scritte },
  journal =	 {Ars\TeX nica},
  year =	 2012,
  number =	 14,
  pages =	 {95-103},
  month =	 {Ottobre},
  language =	 {italian},
  issn =	 {1828-2350},
  url =		 {http://www.guitex.org/home/numero-14}
}
@Article{at:2012-14-053-giacomel,
  author =	 {Roberto Giacomelli},
  title =	 {Grafica ad oggetti con {Lua\TeX} },
  journal =	 {Ars\TeX nica},
  year =	 2012,
  number =	 14,
  pages =	 {53-71},
  month =	 {Ottobre},
  language =	 {italian},
  issn =	 {1828-2350},
  url =		 {http://www.guitex.org/home/numero-14}
}
@Article{at:2012-14-041-gregorio,
  author =	 {Enrico Gregorio},
  title =	 {{\LaTeX3}: un nuovo gioco per i maghi e per
                  diventarlo},
  journal =	 {Ars\TeX nica},
  year =	 2012,
  number =	 14,
  pages =	 {41-47},
  month =	 {Ottobre},
  language =	 {italian},
  issn =	 {1828-2350},
  url =		 {http://www.guitex.org/home/numero-14}
}
@Article{at:2012-14-072-scarso,
  author =	 {Luigi Scarso},
  title =	 {{MF}Lua: Instrumentation of {METAFONT} with Lua},
  journal =	 {Ars\TeX nica},
  year =	 2012,
  number =	 14,
  pages =	 {72-81},
  month =	 {Ottobre},
  language =	 {english},
  issn =	 {1828-2350},
  url =		 {http://www.guitex.org/home/numero-14}
}
@Article{at:2012-14-104-messineo,
  author =	 {Grazia Messineo and Salvatore Vassallo},
  title =	 {Test online di matematica: il Progetto M.In.E.R.Va},
  journal =	 {Ars\TeX nica},
  year =	 2012,
  number =	 14,
  pages =	 {104-112},
  month =	 {Ottobre},
  language =	 {italian},
  issn =	 {1828-2350},
  url =		 {http://www.guitex.org/home/numero-14}
}
@Article{at:2012-14-113-fadini,
  author =	 {Matteo Fadini},
  title =	 {\emph {Stemma codicum} con {\LaTeX}},
  journal =	 {Ars\TeX nica},
  year =	 2012,
  number =	 14,
  pages =	 {113-120},
  month =	 {Ottobre},
  language =	 {italian},
  issn =	 {1828-2350},
  url =		 {http://www.guitex.org/home/numero-14}
}
@Article{at:2012-14-123-leal,
  author =	 {Jer\'onimo Leal and Gianluca Pignalberi},
  title =	 {Composizione di uno \emph {Stemma codicum} con
                  Ti\emph {k}Z},
  journal =	 {Ars\TeX nica},
  year =	 2012,
  number =	 14,
  pages =	 {123-130},
  month =	 {Ottobre},
  language =	 {italian},
  issn =	 {1828-2350},
  url =		 {http://www.guitex.org/home/numero-14}
}
@Article{at:2012-14-082-demarco,
  author =	 {Agostino De Marco},
  title =	 {Gestione `quasi automatica' dei valori numerici in
                  esempi di calcolo ed esercizi svolti},
  journal =	 {Ars\TeX nica},
  year =	 2012,
  number =	 14,
  pages =	 {82-94},
  month =	 {Ottobre},
  language =	 {italian},
  issn =	 {1828-2350},
  url =		 {http://www.guitex.org/home/numero-14}
}
@Article{at:2012-14-015-valbusa,
  author =	 {Ivan Valbusa},
  title =	 {La forma del testo umanistico: la classe
                  \textsf{suftesi}},
  journal =	 {Ars\TeX nica},
  year =	 2012,
  number =	 14,
  pages =	 {15-30},
  month =	 {Ottobre},
  language =	 {italian},
  issn =	 {1828-2350},
  url =		 {http://www.guitex.org/home/numero-14}
}
@Article{at:2013-15-003-pignalbe,
  author =	 {Gianluca Pignalberi},
  title =	 {Editoriale},
  journal =	 {Ars\TeX nica},
  year =	 2013,
  number =	 15,
  pages =	 {3-4},
  month =	 {Aprile},
  language =	 {italian},
  issn =	 {1828-2350},
  url =		 {http://www.guitex.org/home/numero-15}
}
@Article{at:2013-15-005-fiandrin,
  author =	 {Claudio Fiandrino},
  title =	 {Drawing ER diagrams with Ti\emph{k}Z},
  journal =	 {Ars\TeX nica},
  year =	 2013,
  number =	 15,
  pages =	 {5-14},
  month =	 {Aprile},
  language =	 {english},
  issn =	 {1828-2350},
  url =		 {http://www.guitex.org/home/numero-15}
}
@Article{at:2013-15-046-beccari,
  author =	 {Claudio Beccari},
  title =	 {Le filigrane e le figure di sfondo},
  journal =	 {Ars\TeX nica},
  year =	 2013,
  number =	 15,
  pages =	 {46-58},
  month =	 {Aprile},
  language =	 {italian},
  issn =	 {1828-2350},
  url =		 {http://www.guitex.org/home/numero-15}
}
@Article{at:2013-15-039-beccari,
  author =	 {Claudio Beccari},
  title =	 {{\LaTeX} e le lingue romanze alpine: il friulano},
  journal =	 {Ars\TeX nica},
  year =	 2013,
  number =	 15,
  pages =	 {39-45},
  month =	 {Aprile},
  language =	 {italian},
  issn =	 {1828-2350},
  url =		 {http://www.guitex.org/home/numero-15}
}
@Article{at:2013-15-059-scarso,
  author =	 {Luigi Scarso},
  title =	 {{Luajit\TeX}},
  journal =	 {Ars\TeX nica},
  year =	 2013,
  number =	 15,
  pages =	 {59-69},
  month =	 {Aprile},
  language =	 {italian},
  issn =	 {1828-2350},
  url =		 {http://www.guitex.org/home/numero-15}
}
@Article{at:2013-15-031-dominici,
  author =	 {Massimiliano Dominici},
  title =	 {Una panoramica su Pandoc},
  journal =	 {Ars\TeX nica},
  year =	 2013,
  number =	 15,
  pages =	 {31-38},
  month =	 {Aprile},
  language =	 {italian},
  issn =	 {1828-2350},
  url =		 {http://www.guitex.org/home/numero-15}
}
@Article{at:2013-15-015-fiandrin,
  author =	 {Claudio Fiandrino},
  title =	 {S\textit{a}-Ti\textit{k}Z: a library to draw
                  switching architectures},
  journal =	 {Ars\TeX nica},
  year =	 2013,
  number =	 15,
  pages =	 {15-24},
  month =	 {Aprile},
  language =	 {english},
  issn =	 {1828-2350},
  url =		 {http://www.guitex.org/home/numero-15}
}
@Article{at:2013-15-025-pignalbe,
  author =	 {Gianluca Pignalberi},
  title =	 {Realizzazione di un layout complesso: la prima
                  pagina de La Settimana Enigmistica},
  journal =	 {Ars\TeX nica},
  year =	 2013,
  number =	 15,
  pages =	 {25-30},
  month =	 {Aprile},
  language =	 {italian},
  issn =	 {1828-2350},
  url =		 {http://www.guitex.org/home/numero-15}
}
@Article{at:2013-16-052-vincolet,
  author =	 {Claudio Vincoletto},
  title =	 {Gli alfabeti romani di Francesco Griffo},
  journal =	 {Ars\TeX nica},
  year =	 2013,
  number =	 16,
  pages =	 {52-57},
  month =	 {Ottobre},
  language =	 {italian},
  issn =	 {1828-2350},
  url =		 {http://www.guitex.org/home/numero-15}
}
@Article{at:2013-16-006-demarco,
  author =	 {Agostino De~Marco},
  title =	 {Scrivere la tesi di laurea in {\LaTeX}},
  journal =	 {Ars\TeX nica},
  year =	 2013,
  number =	 16,
  pages =	 {6-30},
  month =	 {Ottobre},
  language =	 {italian},
  issn =	 {1828-2350},
  url =		 {http://www.guitex.org/home/numero-16}
}
@Article{at:2013-16-005-pignalbe,
  author =	 {Gianluca Pignalberi},
  title =	 {Editoriale},
  journal =	 {Ars\TeX nica},
  year =	 2013,
  number =	 16,
  pages =	 {5-5},
  month =	 {Ottobre},
  language =	 {italian},
  issn =	 {1828-2350},
  url =		 {http://www.guitex.org/home/numero-16}
}
@Article{at:2013-16-039-giacomel,
  author =	 {Roberto Giacomelli},
  title =	 {{\LaTeX} e la documentazione di progetto},
  journal =	 {Ars\TeX nica},
  year =	 2013,
  number =	 16,
  pages =	 {39-51},
  month =	 {Ottobre},
  language =	 {italian},
  issn =	 {1828-2350},
  url =		 {http://www.guitex.org/home/numero-16}
}
@Article{at:2013-16-058-messineo,
  author =	 {Grazia Messineo and Salvatore Vassallo},
  title =	 {Il pacchetto \textsf{minerva}},
  journal =	 {Ars\TeX nica},
  year =	 2013,
  number =	 16,
  pages =	 {58-67},
  month =	 {Ottobre},
  language =	 {italian},
  issn =	 {1828-2350},
  url =		 {http://www.guitex.org/home/numero-16}
}
@Article{at:2013-16-068-scarso,
  author =	 {Luigi Scarso},
  title =	 {Experiments with multitasking and multithreading in
                  {LUA\TeX}},
  journal =	 {Ars\TeX nica},
  year =	 2013,
  number =	 16,
  pages =	 {68-83},
  month =	 {Ottobre},
  language =	 {english},
  issn =	 {1828-2350},
  url =		 {http://www.guitex.org/home/numero-16}
}
@Article{at:2013-16-030-beccari,
  author =	 {Claudio Beccari},
  title =	 {{\LaTeX} e le lingue romanze alpine: il piemontese},
  journal =	 {Ars\TeX nica},
  year =	 2013,
  number =	 16,
  pages =	 {30-38},
  month =	 {Ottobre},
  language =	 {italian},
  issn =	 {1828-2350},
  url =		 {http://www.guitex.org/home/numero-16}
}
@Article{at:2013-16-084-pignalbe,
  author =	 {Gianluca Pignalberi},
  title =	 {Sommari (indici generali) personalizzati},
  journal =	 {Ars\TeX nica},
  year =	 2013,
  number =	 16,
  pages =	 {84-91},
  month =	 {Ottobre},
  language =	 {italian},
  issn =	 {1828-2350},
  url =		 {http://www.guitex.org/home/numero-16}
}
@Article{at:2014-17-012-beccari,
  author =	 {Claudio Beccari and Massimiliano Dominici and
                  Gianluca Pignalberi},
  title =	 {\Ars {} si rinnova},
  journal =	 {Ars\TeX nica},
  year =	 2014,
  number =	 17,
  pages =	 {12-17},
  month =	 {Aprile},
  language =	 {italian},
  issn =	 {1828-2350},
  url =		 {http://www.guitex.org/home/numero-17}
}
@Article{at:2014-17-004-beccari,
  author =	 {Claudio Beccari},
  title =	 {I comandi condizionali},
  journal =	 {Ars\TeX nica},
  year =	 2014,
  number =	 17,
  pages =	 {4-11},
  month =	 {Aprile},
  language =	 {italian},
  issn =	 {1828-2350},
  url =		 {http://www.guitex.org/home/numero-17}
}
@Article{at:2014-17-003-beccari,
  author =	 {Claudio Beccari},
  title =	 {Editoriale},
  journal =	 {Ars\TeX nica},
  year =	 2014,
  number =	 17,
  pages =	 {3-3},
  month =	 {Aprile},
  language =	 {italian},
  issn =	 {1828-2350},
  url =		 {http://www.guitex.org/home/numero-17}
}
@Article{at:2014-17-029-scarso,
  author =	 {Luigi Scarso},
  title =	 {Un primo sguardo al modulo publications},
  journal =	 {Ars\TeX nica},
  year =	 2014,
  number =	 17,
  pages =	 {29-36},
  month =	 {Aprile},
  language =	 {italian},
  issn =	 {1828-2350},
  url =		 {http://www.guitex.org/home/numero-17}
}
@Article{at:2014-17-024-pignalbe,
  author =	 {Gianluca Pignalberi},
  title =	 {Testatine e pi\`e di pagina laterali},
  journal =	 {Ars\TeX nica},
  year =	 2014,
  number =	 17,
  pages =	 {24-28},
  month =	 {Aprile},
  language =	 {italian},
  issn =	 {1828-2350},
  url =		 {http://www.guitex.org/home/numero-17}
}
@Article{at:2014-17-018-fiandrin,
  author =	 {Claudio Fiandrino},
  title =	 {Realizzare semplici animazioni in figure: come usare
                  Ti\emph{k}Z in Beamer},
  journal =	 {Ars\TeX nica},
  year =	 2014,
  number =	 17,
  pages =	 {18-23},
  month =	 {Aprile},
  language =	 {italian},
  issn =	 {1828-2350},
  url =		 {http://www.guitex.org/home/numero-17}
}
@Article{at:2014-18-152-dominici,
  author =	 {Massimiliano Dominici},
  title =	 {La produzione di una rivista: \Ars },
  journal =	 {Ars\TeX nica},
  year =	 2014,
  number =	 18,
  pages =	 {152-158},
  month =	 {Ottobre},
  language =	 {italian},
  issn =	 {1828-2350},
  url =		 {http://www.guitex.org/home/numero-18}
}
@Article{at:2014-18-064-nardello,
  author =	 {Massimo Nardello},
  title =	 {Introduzione a Bibfilex. Un software libero per
                  gestire dati bibliografici in formato Biblatex},
  journal =	 {Ars\TeX nica},
  year =	 2014,
  number =	 18,
  pages =	 {64-69},
  month =	 {Ottobre},
  language =	 {italian},
  issn =	 {1828-2350},
  url =		 {http://www.guitex.org/home/numero-18}
}
@Article{at:2014-18-007-demarco,
  author =	 {Agostino De~Marco},
  title =	 {Scrivere la tesi di laurea in {\LaTeX}},
  journal =	 {Ars\TeX nica},
  year =	 2014,
  number =	 18,
  pages =	 {7-31},
  month =	 {Ottobre},
  language =	 {italian},
  issn =	 {1828-2350},
  url =		 {http://www.guitex.org/home/numero-18}
}
@Article{at:2014-18-005-beccari,
  author =	 {Claudio Beccari},
  title =	 {Editoriale},
  journal =	 {Ars\TeX nica},
  year =	 2014,
  number =	 18,
  pages =	 {5-6},
  month =	 {Ottobre},
  language =	 {italian},
  issn =	 {1828-2350},
  url =		 {http://www.guitex.org/home/numero-18}
}
@Article{at:2014-18-097-gordini,
  author =	 {Tommaso Gordini and Davide Liessi},
  title =	 {LilyPond: un \emph{music engraver} integrabile con
                  {\LaTeX}},
  journal =	 {Ars\TeX nica},
  year =	 2014,
  number =	 18,
  pages =	 {97-117},
  month =	 {Ottobre},
  language =	 {italian},
  issn =	 {1828-2350},
  url =		 {http://www.guitex.org/home/numero-18}
}
@Article{at:2014-18-017-beccari,
  author =	 {Claudio Beccari},
  title =	 {Greek hyphenation -- Work in progress},
  journal =	 {Ars\TeX nica},
  year =	 2014,
  number =	 18,
  pages =	 {17-22},
  month =	 {Ottobre},
  language =	 {english},
  issn =	 {1828-2350},
  url =		 {http://www.guitex.org/home/numero-18}
}
@Article{at:2014-18-087-beccari,
  author =	 {Claudio Beccari},
  title =	 {Greek and Latin hyphenation -- Recent advances},
  journal =	 {Ars\TeX nica},
  year =	 2014,
  number =	 18,
  pages =	 {87-96},
  month =	 {Ottobre},
  language =	 {english},
  issn =	 {1828-2350},
  url =		 {http://www.guitex.org/home/numero-18}
}
@Article{at:2014-18-081-hufflen,
  author =	 {Jean-Michel Hufflen},
  title =	 {Dealing with Ancient Works in Bibliographies},
  journal =	 {Ars\TeX nica},
  year =	 2014,
  number =	 18,
  pages =	 {81-86},
  month =	 {Ottobre},
  language =	 {english},
  issn =	 {1828-2350},
  url =		 {http://www.guitex.org/home/numero-18}
}
@Article{at:2014-18-012-beccari,
  author =	 {Claudio Beccari},
  title =	 {Classic Latin Hyphenation in {\LaTeX}},
  journal =	 {Ars\TeX nica},
  year =	 2014,
  number =	 18,
  pages =	 {12-16},
  month =	 {Ottobre},
  language =	 {english},
  issn =	 {1828-2350},
  url =		 {http://www.guitex.org/home/numero-18}
}
@Article{at:2014-18-145-fiandrin,
  author =	 {Claudio Fiandrino},
  title =	 {Men\`{u}{\TeX}: una piattaforma per realizzare
                  men\`{u}},
  journal =	 {Ars\TeX nica},
  year =	 2014,
  number =	 18,
  pages =	 {145-151},
  month =	 {Ottobre},
  language =	 {italian},
  issn =	 {1828-2350},
  url =		 {http://www.guitex.org/home/numero-18}
}
@Article{at:2014-18-055-battisti,
  author =	 {Renato Battistin},
  title =	 {{\LaTeX} per la Stesura dei Rapporti di Prova},
  journal =	 {Ars\TeX nica},
  year =	 2014,
  number =	 18,
  pages =	 {55-63},
  month =	 {Ottobre},
  language =	 {italian},
  issn =	 {1828-2350},
  url =		 {http://www.guitex.org/home/numero-18}
}
@Article{at:2014-18-136-gregorio,
  author =	 {Enrico Gregorio},
  title =	 {Espressioni regolari in {\LaTeX}},
  journal =	 {Ars\TeX nica},
  year =	 2014,
  number =	 18,
  pages =	 {136-144},
  month =	 {Ottobre},
  language =	 {italian},
  issn =	 {1828-2350},
  url =		 {http://www.guitex.org/home/numero-18}
}
@Article{at:2014-18-032-scandola,
  author =	 {Michele Scandola and Nadia Baltieri},
  title =	 {Scrivere report statistici con R e \textsf{Sweave}},
  journal =	 {Ars\TeX nica},
  year =	 2014,
  number =	 18,
  pages =	 {32-38},
  month =	 {Ottobre},
  language =	 {italian},
  issn =	 {1828-2350},
  url =		 {http://www.guitex.org/home/numero-18}
}
@Article{at:2014-18-126-vincolet,
  author =	 {Claudio Vincoletto},
  title =	 {Lo stile tipografico: teoria e pratica},
  journal =	 {Ars\TeX nica},
  year =	 2014,
  number =	 18,
  pages =	 {126-135},
  month =	 {Ottobre},
  language =	 {italian},
  issn =	 {1828-2350},
  url =		 {http://www.guitex.org/home/numero-18}
}
@Article{at:2014-18-119-scarso,
  author =	 {Luigi Scarso},
  title =	 {XML-TEI e Tagged PDF},
  journal =	 {Ars\TeX nica},
  year =	 2014,
  number =	 18,
  pages =	 {119-125},
  month =	 {Ottobre},
  language =	 {italian},
  issn =	 {1828-2350},
  url =		 {http://www.guitex.org/home/numero-18}
}
@Article{at:2014-18-039-giacomel,
  author =	 {Roberto Giacomelli and Gianluca Pignalberi},
  title =	 {Typesetting and highlighting Unicode source code
                  with {\LaTeX}: a package comparison},
  journal =	 {Ars\TeX nica},
  year =	 2014,
  number =	 18,
  pages =	 {39-46},
  month =	 {Ottobre},
  language =	 {english},
  issn =	 {1828-2350},
  url =		 {http://www.guitex.org/home/numero-18}
}
@Article{at:2014-18-070-valbusa,
  author =	 {Ivan Valbusa},
  title =	 {Funzionalit\`a avanzate del sistema Biblatex/Biber},
  journal =	 {Ars\TeX nica},
  year =	 2014,
  number =	 18,
  pages =	 {70-80},
  month =	 {Ottobre},
  language =	 {italian},
  issn =	 {1828-2350},
  url =		 {http://www.guitex.org/home/numero-18}
}
@Article{at:2015-19-014-beeton,
  author =	 {Barbara Beeton},
  title =	 {Una figura larga sotto un testo a due colonne},
  journal =	 {Ars\TeX nica},
  year =	 {2015},
  number =	 {19},
  pages =	 {14-14},
  month =	 {Aprile},
  language =	 {italian},
  issn =	 {1828-2350},
  url =		 {http://www.guitex.org/home/numero-19-aprile-2015}
}
@Article{at:2015-19-015-beccari,
  author =	 {Claudio Beccari},
  title =	 {\cmdname{vadjust}, questo sconosciuto},
  journal =	 {Ars\TeX nica},
  year =	 {2015},
  number =	 {19},
  pages =	 {15-18},
  month =	 {Aprile},
  language =	 {italian},
  issn =	 {1828-2350},
  url =		 {http://www.guitex.org/home/numero-19-aprile-2015}
}
@Article{at:2015-19-033-pignalbe,
  author =	 {Gianluca Pignalberi},
  title =	 {{\LaTeX} in un'editrice universitaria: come e perché
                  \clsname{book} non è adatta e una possibile
                  alternativa funzionante},
  journal =	 {Ars\TeX nica},
  year =	 {2015},
  number =	 {19},
  pages =	 {33-41},
  month =	 {Aprile},
  language =	 {italian},
  issn =	 {1828-2350},
  url =		 {http://www.guitex.org/home/numero-19-aprile-2015}
}
@Article{at:2015-19-019-hunt,
  author =	 {James R.~Hunt},
  title =	 {Comporre liste: un viaggio nella grammatica
                  sconosciuta},
  journal =	 {Ars\TeX nica},
  year =	 {2015},
  number =	 {19},
  pages =	 {19-26},
  month =	 {Aprile},
  language =	 {italian},
  issn =	 {1828-2350},
  url =		 {http://www.guitex.org/home/numero-19-aprile-2015}
}
@Article{at:2015-19-005-beccari,
  author =	 {Claudio Beccari},
  title =	 {Editoriale},
  journal =	 {Ars\TeX nica},
  year =	 {2015},
  number =	 {19},
  pages =	 {5-5},
  month =	 {Aprile},
  language =	 {italian},
  issn =	 {1828-2350},
  url =		 {http://www.guitex.org/home/numero-19-aprile-2015}
}
@Article{at:2015-19-027-fiandrin,
  author =	 {Claudio Fiandrino},
  title =	 {Personalizzazione e riproducibilit\`a nel disegno
                  programmato: introduzione al pacchetto pgfkeys},
  journal =	 {Ars\TeX nica},
  year =	 {2015},
  number =	 {19},
  pages =	 {27-32},
  month =	 {Aprile},
  language =	 {italian},
  issn =	 {1828-2350},
  url =		 {http://www.guitex.org/home/numero-19-aprile-2015}
}
@Article{at:2015-19-006-mittelba,
  author =	 {Frank Mittelbach},
  title =	 {Come si può influenzare la posizione degli ambienti
                  galleggianti come \envname{figure} e \envname{table}
                  in {\LaTeX}?},
  journal =	 {Ars\TeX nica},
  year =	 {2015},
  number =	 {19},
  pages =	 {6-13},
  month =	 {Aprile},
  language =	 {italian},
  issn =	 {1828-2350},
  url =		 {http://www.guitex.org/home/numero-19-aprile-2015}
}
